@misc{tikNXT,
	title = {LEGO Mindstorms NXT - Next Generation},
	author = {Claudia Frischknecht & Thomas Other},
	year = {2006},
	howbublished = "\url{http://www.tik.ee.ethz.ch/tik/education/lectures/PPS/mindstorms/sa_nxt/download/sa-2006.18.pdf}",
	note = "[Online; Accessed 18-09-2013]"
}

@book{bookTemplate,
	title = {},
	publisher = {},
	year = {},
	author = {},
	edition = {}
}

@article{articleTemplate,
  author = {},
  title = {},
  journal = {},
  year = {},
  volume = {},
  pages = {},
  number = {},
  month = {},
  publisher = {}
}

@misc{miscTemplate,
  title={},
  author={},
  year={},
  howpublished = "\url{}",
  note = "[Online; Accessed dd-mm-yyyy]"
}