@misc{tikNXT,
	title = {LEGO Mindstorms NXT - Next Generation},
	author = {Claudia Frischknecht & Thomas Other},
	year = {2006},
	howpublished = "\url{http://www.tik.ee.ethz.ch/tik/education/lectures/PPS/mindstorms/sa_nxt/download/sa-2006.18.pdf}",
	note = "[Online; Accessed 18-09-2013]"
}

@misc{mindsqualls,
	title = {MindSqualls},
	author = {},
	howpublished = "\url{http://www.mindsqualls.net/}",
	note = "[Online; Accessed 18-09-2013]"
}

@book{bookTemplate,
	title = {},
	publisher = {},
	year = {},
	author = {},
	edition = {}
}

@article{articleTemplate,
  author = {},
  title = {},
  journal = {},
  year = {},
  volume = {},
  pages = {},
  number = {},
  month = {},
  publisher = {}
}

@misc{miscTemplate,
  title={},
  author={},
  year={},
  howpublished = "\url{}",
  note = "[Online; Accessed dd-mm-yyyy]"
}

@misc{ptvs,
  title={Python Tools for Visual Studio},
  author={},
  year={},
  howpublished = "\url{http://pytools.codeplex.com/}",
  note = "[Online; Accessed 26-09-2013]"
}

@misc{nxtosek,
  title={nxtOSEK},
  author={},
  year={},
  howpublished = "\url{http://lejos-osek.sourceforge.net/}",
  note = "[Online; Accessed 26-09-2013]"
}

@misc{lejos,
  title={leJOS},
  author={},
  year={},
  howpublished = "\url{http://www.lejos.org/index.php}",
  note = "[Online; Accessed 26-09-2013]"
}

@misc{robotc,
  title={ROBOTC},
  author={},
  year={},
  howpublished = "\url{http://www.robotc.net/}",
  note = "[Online; Accessed 26-09-2013]"
}

@misc{nxt-python,
  title={nxt-python},
  author={},
  year={},
  howpublished = "\url{https://code.google.com/p/nxt-python/}",
  note = "[Online; Accessed 26-09-2013]"
}

@misc{nxt,
  title={The NXT},
  author={},
  year={},
  howpublished = "\url{http://mindstorms.lego.com/en-us/whatisnxt/default.aspx}",
  note = "[Online; Accessed 25-09-2013]"
}

@misc{wiimote,
  title={Wii Remote},
  author={Wikipedia},
  year={},
  howpublished = "\url{ttp://en.wikipedia.org/wiki/Wii_Remote}",
  note = "[Online; Accessed 23-09-2013]"
}

@misc{deadrec,
  title={Dead Reckoning},
  author={Wikipedia},
  year={},
  howpublished = "\url{http://en.wikipedia.org/wiki/Dead_reckoning}",
  note = "[Online; Accessed 19-09-2013]"
}

@misc{kinect,
  title={Kinect},
  author={Wikipedia},
  year={},
  howpublished = "\url{http://en.wikipedia.org/wiki/Kinect_for_Windows}",
  note = "[Online; Accessed 19-09-2013]"
}

@misc{opencv,
  title={OpenCV},
  author={Wikipedia},
  year={},
  howpublished = "\url{http://opencv.org/about.html}",
  note = "[Online; Accessed 19-09-2013]"
}